
@software{makhmali_basecamptrix_2013,
	location = {Chicago},
	title = {basecamp/trix},
	rights = {{MIT} License         ,                 {MIT} License},
	url = {https://github.com/basecamp/trix},
	abstract = {A rich text editor for everyday writing. Contribute to basecamp/trix development by creating an account on {GitHub}.},
	version = {1.2.4},
	publisher = {Basecamp},
	author = {Makhmali, Javan and Stephenson, Sam},
	urldate = {2020-08-09},
	date = {2013-08-01},
	note = {original-date: 2013-08-01T22:21:30Z},
	keywords = {coffeescript, custom-elements, javascript, rich-text-editor, wysiwyg, wysiwyg-editor}
}

@online{noauthor_ris_2020,
	title = {{RIS} - Gleichbehandlungsgesetz - Bundesrecht konsolidiert, Fassung vom 10.08.2020},
	url = {https://www.ris.bka.gv.at/GeltendeFassung.wxe?Abfrage=Bundesnormen&Gesetzesnummer=20003395},
	urldate = {2020-08-10},
	date = {2020-08-15},
	file = {RIS - Gleichbehandlungsgesetz - Bundesrecht konsolidiert, Fassung vom 10.08.2020:/Users/sonjacao/Zotero/storage/SAPL2FJM/GeltendeFassung.html:text/html}
}