
@misc{basecamp_trix_2013,
	address = {Chicago},
	title = {basecamp/trix},
	copyright = {MIT License         ,                 MIT License},
	url = {https://github.com/basecamp/trix},
	abstract = {Trix is a rich text editor for everyday writing. Contribute to basecamp/trix development by creating an account on GitHub.},
	urldate = {2020-08-09},
	publisher = {Basecamp},
	author = {Makhmali, Javan and Stephenson, Sam},
	month = aug,
	year = {2013},
	note = {original-date: 2013-08-01T22:21:30Z},
	keywords = {coffeescript, custom-elements, javascript, rich-text-editor, wysiwyg, wysiwyg-editor}
}

@misc{wcag_2_1_2018,
	title = {Web {Content} {Accessibility} {Guidelines} ({WCAG}) 2.1},
	url = {https://www.w3.org/TR/WCAG21/},
	abstract = {Web Content Accessibility Guidelines (WCAG) 2.1 covers a wide range of recommendations for making Web content more accessible.},
	urldate = {2020-08-18},
	month = jun,
	year = {2018},
	file = {Web Content Accessibility Guidelines (WCAG) 2.1:/Users/sonjacao/Zotero/storage/PKJKHI7W/WCAG21.html:text/html}
}

@misc{waca_zertifikate_2020,
	title = {Zertifikate {\textbar} {WACA}},
	url = {https://waca.at/zertifikate},
	abstract = {Web Accessibility Certificate Austria (WACA) - Österreichs erstes Qualitätssiegel um Barrierefreiheit im Web nach den internationalen W3C-Richtlinien nach außen erkennbar zu machen.},
	urldate = {2020-08-18},
	year = {2020},
	file = {Zertifikate | WACA:/Users/sonjacao/Zotero/storage/DQ8RYHW3/zertifikate.html:text/html}
}

@misc{who_disability_2011,
	title = {{WHO} - {Disability} {Clarification}},
	url = {https://www.who.int/westernpacific/health-topics/disability},
	abstract = {The World Health Organisation (WHO) launched the pioneering World report on disability in 2011 as a resource for policy makers, service providers, professionals and advocates for people with disability and their families.},
	language = {en},
	urldate = {2020-08-30},
	year = {2011},
	file = {Snapshot:/Users/sonjacao/Zotero/storage/WZ7GYR2F/disability.html:text/html}
}

@misc{ris_bgstg_2020,
	title = {{RIS} - {Bundes}-{Behindertengleichstellungsgesetz}},
	url = {https://www.ris.bka.gv.at/GeltendeFassung.wxe?Abfrage=Bundesnormen&Gesetzesnummer=20004228},
	abstract = {Das Bundes-Behindertengleichstellungsgesetz (BGStG) bildet eines der gesetzlichen Grundlagen für das Behindertenrecht, dessen Ziel es ist, die Diskriminierung von Menschen mit Behinderungen zu beseitigen oder zu verhindern.},
	urldate = {2020-08-30},
	month = aug,
	year = {2020},
	file = {RIS - Bundes-Behindertengleichstellungsgesetz - Bundesrecht konsolidiert, Fassung vom 30.08.2020:/Users/sonjacao/Zotero/storage/5CAG7DJY/GeltendeFassung.html:text/html}
}

@misc{ris_beinstg_2020,
	title = {{RIS} - {Behinderteneinstellungsgesetz}},
	url = {https://www.ris.bka.gv.at/GeltendeFassung.wxe?Abfrage=Bundesnormen&Gesetzesnummer=10008253},
	abstract = {Das Behinderteneinstellungsgesetz (BEinstG) bildet eines der gesetzlichen Grundlagen für das Behindertenrecht und regelt die Diskrimierung in der Arbeitswelt.},
	urldate = {2020-08-30},
	month = aug,
	year = {2020},
	file = {RIS - Behinderteneinstellungsgesetz - Bundesrecht konsolidiert, Fassung vom 30.08.2020:/Users/sonjacao/Zotero/storage/HL8K3W6P/GeltendeFassung.html:text/html}
}

@misc{ris_bbg_2020,
	title = {{RIS} - {Bundesbehindertengesetz}},
	url = {https://www.ris.bka.gv.at/GeltendeFassung.wxe?Abfrage=Bundesnormen&Gesetzesnummer=10008713},
	abstract = {Das Bundesbehindertengesetz (BBG) bildet eines der gesetzlichen Grundlagen des Behindertenrechts und regelt die Beratung, Betreuung und besondere Hilfe für Menschen mit Behinderungen.},
	urldate = {2020-08-30},
	month = aug,
	year = {2020},
	file = {RIS - Bundesbehindertengesetz - Bundesrecht konsolidiert, Fassung vom 30.08.2020:/Users/sonjacao/Zotero/storage/LKKIYPBE/GeltendeFassung.html:text/html}
}

@misc{ris_wzg_2020,
	title = {{RIS} - {Web}-{Zugänglichkeits}-{Gesetz}},
	url = {https://www.ris.bka.gv.at/GeltendeFassung.wxe?Abfrage=Bundesnormen&Gesetzesnummer=20010727},
	abstract = {Das Web-Zugänglichkeits-Gesetz (WZG) hat das Ziel Websites und mobile Anwendungen für alle Nutzerinnen und Nutzer, insbesondere für Menschen mit Behinderungen, barrierefrei zu gestalten.},
	urldate = {2020-08-30},
	month = aug,
	year = {2020},
	file = {RIS - Web-Zugänglichkeits-Gesetz - Bundesrecht konsolidiert, Fassung vom 30.08.2020:/Users/sonjacao/Zotero/storage/FHJY47XD/GeltendeFassung.html:text/html}
}
